
@article{griffiths_phytoplankton_2015,
	title = {Phytoplankton community interactions and environmental sensitivity in coastal and offshore habitats},
	journal = {Oikos},
	author = {Griffiths, Jennifer R. and Hajdu, Susanna and Downing, Andrea S. and Hjerne, Olle and Larsson, Ulf and Winder, Monika},
	year = {2015},
}

@article{ives_estimating_2003,
	title = {Estimating community stability and ecological interactions from time-series data},
	volume = {73},
	number = {2},
	journal = {Ecological monographs},
	author = {Ives, A. R. and Dennis, B. and Cottingham, K. L. and Carpenter, S. R.},
	year = {2003},
	pages = {301--330},
}

@article{klug_interactions_2001,
	title = {Interactions among environmental drivers: {Community} responses to changing nutrients and dissolved organic carbon},
	volume = {82},
	number = {12},
	journal = {Ecology},
	author = {Klug, Jennifer L. and Cottingham, Kathryn L.},
	year = {2001},
	pages = {3390--3403},
}

@article{klug_compensatory_2000,
	title = {Compensatory dynamics in planktonic community responses to {pH} perturbations},
	volume = {81},
	number = {2},
	journal = {Ecology},
	author = {Klug, Jennifer L. and Fischer, Janet M. and Ives, Anthony R. and Dennis, Brian},
	year = {2000},
	pages = {387--398},
}

@article{huber_role_2006,
	title = {The role of predation for seasonal variability patterns among phytoplankton and ciliates},
	volume = {114},
	number = {2},
	journal = {Oikos},
	author = {Huber, Veronika and Gaedke, Ursula},
	year = {2006},
	pages = {265--276},
}

@article{lindegren_preventing_2009,
	title = {Preventing the collapse of the {Baltic} cod stock through an ecosystem-based management approach},
	volume = {106},
	number = {34},
	journal = {Proceedings of the National Academy of Sciences},
	author = {Lindegren, Martin and Möllmann, Christian and Nielsen, Anders and Stenseth, Nils C.},
	year = {2009},
	pages = {14722--14727},
}

@article{vik_interlinking_2008,
	title = {Interlinking hare and lynx dynamics using a century’s worth of annual data},
	volume = {50},
	doi = {10.1007/s10144-008-0088-2},
	number = {3},
	journal = {Population Ecology},
	author = {Vik, Jon Olav and Brinch, Christian N. and Boutin, Stan and Stenseth, Nils Christian},
	year = {2008},
	pages = {267--274},
}

@article{yamamura_how_2006,
	title = {How to analyze long-term insect population dynamics under climate change: 50-year data of three insect pests in paddy fields},
	volume = {48},
	doi = {10.1007/s10144-005-0239-7},
	number = {1},
	journal = {Population Ecology},
	author = {Yamamura, Kohji and Yokozawa, Masayuki and Nishimori, Motoki and Ueda, Yasuo and Yokosuka, Tomoyuki},
	year = {2006},
	pages = {31--48},
}

@article{ives_community_1999,
	title = {Community interaction webs and zooplankton responses to planktivory manipulations},
	volume = {80},
	number = {4},
	journal = {Ecology},
	author = {Ives, Anthony R. and Carpenter, Stephen R. and Dennis, Brian},
	year = {1999},
	pages = {1405--1421},
}
