
@Article{barraquand_coastal_2018,
  Title                    = {Coastal phytoplankton community dynamics and coexistence driven by intragroup density-dependence, light and hydrodynamics},
  Author                   = {Barraquand, F. and Picoche, C. and Maurer, D. and Carassou, L. and Auby, I.},
  Journal                  = {Oikos},
  Year                     = {2018},
  Number                   = {12},
  Pages                    = {1834--1852},
  Volume                   = {127}
}
@Article{certain_how_2018,
  Title                    = {How do {MAR}(1) models cope with hidden nonlinearities in ecological dynamics?},
  Author                   = {Certain, G. and Barraquand, F. and G\aa{}rdmark, A.},
  Journal                  = {Methods in Ecology and Evolution},
  Year                     = {2018},
  Number                   = {9},
  Pages                    = {1975--1995},
  Volume                   = {9}
}

@Article{coyte_ecology_2015,
  Title                    = {The ecology of the microbiome: {Networks}, competition, and stability},
  Author                   = {Coyte, K.Z. and Schluter, J. and Foster, K.R.},
  Journal                  = {Science},
  Year                     = {2015},
  Number                   = {6261},
  Pages                    = {663--666},
  Volume                   = {350}
}

@Article{hampton_sixty_2008,
  Title                    = {Sixty years of environmental change in the world's largest freshwater lake - {Lake} {Baikal}, {Siberia}},
  Author                   = {Hampton, S.E. and Izmest'Eva, L.R. and Moore, M.V. and Katz, S.L. and Dennis, B. and Silow, E.A.},
  Journal                  = {Global Change Biology},
  Year                     = {2008},
  Number                   = {8},
  Pages                    = {1947--1958},
  Volume                   = {14}
}

@Article{griffiths_phytoplankton_2015,
  Title                    = {Phytoplankton community interactions and environmental sensitivity in coastal and offshore habitats},
  Author                   = {Griffiths, J.R. and Hajdu, S. and Downing, A.S. and Hjerne, O. and Larsson, U. and Winder, M.},
  Journal                  = {Oikos},
  Year                     = {2015},
  Number                   = {8},
  Pages                    = {1134--1143},
  Volume                   = {125}
}

@article{gsell_quantifying_2016,
	title = {Quantifying change in pelagic plankton network stability and topology based on empirical long-term data},
	volume = {65},
	journal = {Ecological Indicators},
	author = {Gsell, Alena S. and Özkundakci, Deniz and Hébert, Marie-Pier and Adrian, Rita},
	year = {2016},
	pages = {76--88},
}


@Article{hampton_coalescence_2006,
  Title                    = {Coalescence in the lake washington story: {Interaction} strengths in a planktonic food web},
  Author                   = {Hampton, S.E. and Scheuerell, M.D. and Schindler, D.E.},
  Journal                  = {Limnology and Oceanography},
  Year                     = {2006},
  Number                   = {5},
  Pages                    = {2042--2051},
  Volume                   = {51}
}


@article{ives_measuring_1995,
	title = {Measuring {Resilience} in {Stochastic} {Systems}},
	volume = {65},
	number = {2},
	journal = {Ecological Monographs},
	author = {Ives, Anthony R.},
	year = {1995},
	pages = {217--233},
}

@Article{ives_stability_2007,
  Title                    = {Stability and diversity of ecosystems},
  Author                   = {Ives, A. R. and Carpenter, S. R.},
  Journal                  = {Science},
  Year                     = {2007},
  Number                   = {5834},
  Pages                    = {58--62},
  Volume                   = {317}
}

@Article{ives_estimating_2003,
  Title                    = {Estimating community stability and ecological interactions from time-series data},
  Author                   = {Ives, A. R. and Dennis, B. and Cottingham, K. L. and Carpenter, S. R.},
  Journal                  = {Ecological {M}onographs},
  Year                     = {2003},
  Number                   = {2},
  Pages                    = {301--330},
  Volume                   = {73}
}

@Article{jacquet_no_2016,
  Title                    = {No complexity-stability relationship in empirical ecosystems},
  Author                   = {Jacquet, C. and Moritz, C. and Morissette, L. and Legagneux, P. and Massol, F. and Archambault, P. and Gravel, D.},
  Journal                  = {Nature Communications},
  Year                     = {2016},
  Number                   = {1},
  Volume                   = {7}
}

@article{narwani_ecological_2017,
        title = {Ecological interactions and coexistence are predicted by gene expression similarity in freshwater green algae},
        volume = {105},
        number = {3},
        journal = {Journal of Ecology},
        author = {Narwani, A. and Bentlage, B. and Alexandrou, M.A. and Fritschie, K.J. and Delwiche, C. and Oakley, T.H. and Cardinale, B.J.},
        year = {2017},
        pages = {580--591},
}
@article{scheef_inferring_2013,
        title = {Inferring plankton community structure from marine and freshwater long-term data using multivariate autoregressive models},
        volume = {11},
        journal = {Limnology and Oceanography: Methods},
        author = {Scheef, L.P. and Hampton, S.E. and Izmest\'{}eva, L.R.},
        year = {2013},
        pages = {475--484},
}

