@article{diaz_climate_2013,
        title = {Climate {Variability} and {Oceanographic} {Settings} {Associated} with {Interannual} {Variability} in the {Initiation} of {Dinophysis} acuminata {Blooms}},
        volume = {11},
        issn = {1660-3397},
        doi = {10.3390/md11082964},
        language = {en},
        number = {8},
        journal = {Marine Drugs},
        author = {D\'iaz, Patricio and Reguera, Beatriz and Ruiz-Villarreal, Manuel and Pazos, Yolanda and Velo-Su\'arez, Lourdes and Berger, Henrick and Sourisseau, Marc},
        month = aug,
        year = {2013},
        pages = {2964--2981},
}

@article{gobler_ocean_2017,
        title = {Ocean warming since 1982 has expanded the niche of toxic algal blooms in the {North} {Atlantic} and {North} {Pacific} oceans},
        volume = {114},
        issn = {0027-8424, 1091-6490},
        doi = {10.1073/pnas.1619575114},
        language = {en},
        number = {19},
        journal = {Proceedings of the National Academy of Sciences},
        author = {Gobler, Christopher J. and Doherty, Owen M. and Hattenrath-Lehmann, Theresa K. and Griffith, Andrew W. and Kang, Yoonja and Litaker, R. Wayne},
        month = may,
        year = {2017},
        pages = {4975--4980},
}

@article{hampton_empirical_2006,
        title = {Empirical evaluation of observation scale effects in community time series},
        volume = {113},
        number = {3},
        journal = {Oikos},
        author = {Hampton, Stephanie E. and Schindler, Daniel E.},
        year = {2006},
        pages = {424--439},
}

@Article{hernandez_farinas_assessing_2015,
  Title                    = {Assessing phytoplankton realized niches using a {French} national phytoplankton monitoring network},
  Author                   = {Hern\'andez Fari\~nas, T. and Bacher, C. and Soudant, D. and Belin, C. and Barill\'e, L.},
  Journal                  = {Estuarine, Coastal and Shelf Science},
  Year                     = {2015},

  Month                    = jun,
  Pages                    = {15--27},
  Volume                   = {159},

  Doi                      = {10.1016/j.ecss.2015.03.010},
  ISSN                     = {02727714},
  Language                 = {en},
  Owner                    = {frederic},
  Timestamp                = {2017.01.24},
  Urldate                  = {2015-11-02}
}

@phdthesis{hernandez_farinas_analyse_nodate,
        title = {Analyse et mod\'elisation des \'evolutions \`a long terme de la biodiversit\'e phytoplanctonique dans les zones c\^oti\`eres sous l'effet des pressions environnementales et anthropiques},
        school = {Universit\'e de Nantes, Facult\'e des Sciences et des Techniques},
        author = {Hern\'andez Fari\~nas, Tania},
        year = {2015},
}

@article{kondrashov_spatio-temporal_2006,
        title = {Spatio-temporal filling of missing points in geophysical data sets},
        volume = {13},
        number = {2},
        journal = {Nonlinear Processes in Geophysics},
        author = {Kondrashov, Dmitri and Ghil, Michael},
        year = {2006},
        pages = {151--159},
}

@article{torok_functional_2016,
        title = {Functional diversity supports the biomass-diversity humped-back relationship in phytoplankton assemblages},
        volume = {30},
        issn = {02698463},
        doi = {10.1111/1365-2435.12631},
        language = {en},
        number = {9},
        journal = {Functional Ecology},
        author = {T\"or\"ok, P\'eter and T-Krasznai, Enik\~n and B-B\'eres, Vikt\'oria and B\'acsi, Istv\'an and Borics, G\'abor and T\'othm\'er\'asz, B\'ala},
        editor = {Sayer, Emma},
        month = sep,
        year = {2016},
        pages = {1593--1602},
}


@article{jalon-rojas_evaluation_2016,
        title = {Evaluation of spectral methods for high-frequency multiannual time series in coastal transitional waters: advantages of combined analyses: {Tests} of spectral analysis on coastal time series},
        volume = {14},
        issn = {15415856},
        shorttitle = {Evaluation of spectral methods for high-frequency multiannual time series in coastal transitional waters},
        doi = {10.1002/lom3.10097},
        language = {en},
        number = {6},
        journal = {Limnology and Oceanography: Methods},
        author = {Jal\'on-Rojas, Isabel and Schmidt, Sabine and Sottolichio, Aldo},
        month = jun,
        year = {2016},
        pages = {381--396},
}


@article{bersier_quantitative_2002,
	title = {Quantitative descriptors of food-web matrices},
	volume = {83},
	number = {9},
	journal = {Ecology},
	author = {Bersier, Louis-Felix and Bana\u{s}ek-Richter, Carolin and Cattin, Marie-France},
	year = {2002},
	pages = {2394--2407},
}

@article{van_altena_food_2016,
	title = {Food web stability and weighted connectance: the complexity-stability debate revisited},
	volume = {9},
	issn = {1874-1738, 1874-1746},
	shorttitle = {Food web stability and weighted connectance},
	doi = {10.1007/s12080-015-0291-7},
	language = {en},
	number = {1},
	journal = {Theoretical Ecology},
	author = {van Altena, Cassandra and Hemerik, Lia and de Ruiter, Peter C.},
	month = feb,
	year = {2016},
	pages = {49--58},
}

@article{stachowicz_mutualism_2001,
	title = {Mutualism, {Facilitation}, and the {Structure} of {Ecological} {Communities}},
	volume = {51},
	issn = {0006-3568},
	doi = {10.1641/0006-3568(2001)051[0235:MFATSO]2.0.CO;2},
	language = {en},
	number = {3},
	journal = {BioScience},
	author = {Stachowicz, John J.},
	year = {2001},
	pages = {235},
}

@article{jansen_complexity_2003,
	title = {Complexity and stability revisited},
	volume = {6},
	issn = {1461-023X, 1461-0248},
	doi = {10.1046/j.1461-0248.2003.00464.x},
	language = {en},
	number = {6},
	journal = {Ecology Letters},
	author = {Jansen, Vincent A. A. and Kokkoris, Giorgos D.},
	month = jun,
	year = {2003},
	pages = {498--502},
}

@article{kokkoris_variability_2002,
	title = {Variability in interaction strength and implications for biodiversity},
	volume = {71},
	issn = {0021-8790, 1365-2656},
	doi = {10.1046/j.1365-2656.2002.00604.x},
	language = {en},
	number = {2},
	journal = {Journal of Animal Ecology},
	author = {Kokkoris, Giorgos D. and Jansen, Vincent A. A. and Loreau, Michel and Troumbis, Andreas Y.},
	month = mar,
	year = {2002},
	pages = {362--371},
}
