% This file was created with JabRef 2.10.
% Encoding: UTF-8


@Article{abrams_apparent_1998,
  Title                    = {Apparent competition or apparent mutualism? {Shared} predation when populations cycle},
  Author                   = {Abrams, P.A. and Holt, R.D. and Roth, J.D.},
  Journal                  = {Ecology},
  Year                     = {1998},
  Number                   = {1},
  Pages                    = {201--212},
  Volume                   = {79}
}

@Article{adler_coexistence_2010,
  Title                    = {Coexistence of perennial plants: an embarrassment of niches},
  Author                   = {Adler, P.B. and Ellner, S.P. and Levine, J.M.},
  Journal                  = {Ecology {L}etters},
  Year                     = {2010},
  Number                   = {8},
  Pages                    = {1019--1029},
  Volume                   = {13}
}

@Article{adler_competition_2018,
  Title                    = {Competition and coexistence in plant communities: intraspecific competition is stronger than interspecific competition},
  Author                   = {Adler, P.B. and Smull, D. and Beard, K.H. and Choi, R.T. and Furniss, T. and Kulmatiski, A. and Meiners, J.M. and Tredennick, A.T. and Veblen, K.E.},
  Journal                  = {Ecology {L}etters},
  Year                     = {2018},
  Number                   = {9},
  Pages                    = {1319--1329},
  Volume                   = {21}
}

@Article{adler_weak_2018,
  Title                    = {Weak interspecific interactions in a sagebrush steppe? {Conflicting} evidence from observations and experiments},
  Author                   = {Adler, P.B. and Kleinhesselink, A. and Hooker, G. and Taylor, J.B. and Teller, B. and Ellner, S.P.},
  Journal                  = {Ecology},
  Year                     = {2018},
  Number                   = {7},
  Pages                    = {1621--1632},
  Volume                   = {99}
}


@Article{allesina_stability_2012,
  Title                    = {Stability criteria for complex ecosystems},
  Author                   = {Allesina, S. and Tang, S.},
  Journal                  = {Nature},
  Year                     = {2012},
  Number                   = {7388},
  Pages                    = {205--208},
  Volume                   = {483}
}

@article{allesina_stabilitycomplexity_2015,
	title = {The stability-complexity relationship at age 40: a random matrix perspective},
	volume = {57},
	number = {1},
	journal = {Population Ecology},
	author = {Allesina, S. and Tang, S.},
	year = {2015},
	pages = {63--75},
}

@Article{armstrong1980competitive,
  Title                    = {Competitive exclusion},
  Author                   = {Armstrong, R.A. and McGehee, R.},
  Journal                  = {The {A}merican {N}aturalist},
  Year                     = {1980},
  Number                   = {2},
  Pages                    = {151--170},
  Volume                   = {115},

  Owner                    = {frederic},
  Publisher                = {University of Chicago Press},
  Timestamp                = {2018.12.31}
}

@Article{armstrong1976coexistence,
  Title                    = {Coexistence of species competing for shared resources},
  Author                   = {Armstrong, R.A. and McGehee, R.},
  Journal                  = {Theoretical {P}opulation {B}iology},
  Year                     = {1976},
  Number                   = {3},
  Pages                    = {317--328},
  Volume                   = {9},

  Owner                    = {frederic},
  Publisher                = {Elsevier},
  Timestamp                = {2013.12.17}
}

@article{arnoldi2019multidimensionality,
author = {Arnoldi, Jean-Fran√ßois and Loreau, Michel and Haegeman, Bart},
title = {The inherent multidimensionality of temporal variability: how common and rare species shape stability patterns},
journal = {Ecology Letters},
volume = {22},
number = {10},
pages = {1557-1567},
year = {2019}
}

@Article{bagchi_pathogens_2014,
  Title                    = {Pathogens and insect herbivores drive rainforest plant diversity and composition},
  Author                   = {Bagchi, R. and Gallery, R.E. and Gripenberg, S. and Gurr, S.J. and Narayan, L. and Addis, C.E. and Freckleton, R.P. and Lewis, O.T.},
  Journal                  = {Nature},
  Year                     = {2014},
  Number                   = {7486},
  Pages                    = {85--88},
  Volume                   = {506}
}

@Article{barabas_self-regulation_2017,
  Title                    = {Self-regulation and the stability of large ecological networks},
  Author                   = {Barab\'as, G. and Michalska-Smith, M.J. and Allesina, S.},
  Journal                  = {Nature Ecology \& Evolution},
  Year                     = {2017},
  Number                   = {12},
  Pages                    = {1870--1875},
  Volume                   = {1}
}

@Article{barabas_effect_2016,
  Title                    = {The effect of intra- and interspecific competition on coexistence in multispecies communities},
  Author                   = {Barab\'as, G. and Michalska-Smith, M.J. and Allesina, S.},
  Journal                  = {The American {N}aturalist},
  Year                     = {2016},
  Number                   = {1},
  Volume                   = {188}
}

@Article{barraquand_indirect_2015,
  Title                    = {Indirect effects of primary prey population dynamics on alternative prey},
  Author                   = {Barraquand, F. and New, L.F. and Redpath, S. and Matthiopoulos, J.},
  Journal                  = {Theoretical Population Biology},
  Year                     = {2015},
  Pages                    = {44--59},
  Volume                   = {103}
}

@Article{barraquand_coastal_2018,
  Title                    = {Coastal phytoplankton community dynamics and coexistence driven by intragroup density-dependence, light and hydrodynamics},
  Author                   = {Barraquand, F. and Picoche, C. and Maurer, D. and Carassou, L. and Auby, I.},
  Journal                  = {Oikos},
  Year                     = {2018},
  Number                   = {12},
  Pages                    = {1834--1852},
  Volume                   = {127}
}

@Article{barton_impact_2014,
  Title                    = {The impact of fine-scale turbulence on phytoplankton community structure: {Phytoplankton} and turbulence},
  Author                   = {Barton, A.D. and Ward, B.A. and Williams, R.G. and Follows, M.J.},
  Journal                  = {Limnology and Oceanography: Fluids and Environments},
  Year                     = {2014},
  Number                   = {1},
  Pages                    = {34--49},
  Volume                   = {4}
}

@Article{beninca_chaos_2008,
  Title                    = {Chaos in a long-term experiment with a plankton community},
  Author                   = {Beninc\`a, E. and Huisman, J. and Heerkloss, R/ and J\"{o}hnk, K.D. and Branco, P. and Van Nes, E.H. and Scheffer, M. and Ellner, S.P.},
  Journal                  = {Nature},
  Year                     = {2008},
  Number                   = {7180},
  Pages                    = {822--825},
  Volume                   = {451}
}

@Article{bersier_quantitative_2002,
  Title                    = {Quantitative descriptors of food-web matrices},
  Author                   = {Bersier, L.-F. and Banasek-Richter, C. and Cattin, M.-F.},
  Journal                  = {Ecology},
  Year                     = {2002},
  Number                   = {9},
  Pages                    = {2394},
  Volume                   = {83}
}

@Article{bolker_spatial_1999,
  Title                    = {Spatial moment equations for plant competition: understanding spatial strategies and the advantages of short dispersal},
  Author                   = {Bolker, B.M. and Pacala, S.W.},
  Journal                  = {The {A}merican {N}aturalist},
  Year                     = {1999},
  Number                   = {6},
  Pages                    = {575--602},
  Volume                   = {153}
}

@Article{breier_emergence_2018,
  Title                    = {Emergence of phytoplankton patchiness at small scales in mild turbulence},
  Author                   = {Breier, R.E. and Lalescu, C.C. and Waas, D. and Wilczek, M. and Mazza, M.G.},
  Journal                  = {Proceedings of the National Academy of Sciences},
  Year                     = {2018},
  Number                   = {48},
  Pages                    = {12112--12117},
  Volume                   = {115}
}

@Article{brooker_facilitation_2008,
  Title                    = {Facilitation in plant communities: the past, the present, and the future},
  Author                   = {Brooker, R.W. and Maestre, F.T. and Callaway, R.M. and Lortie, C.L. and Cavieres, L.A. and Kunstler, G. and Liancourt, P. and Tielb\"{o}rger, K. and Travis, J.M.J. and Anthelme, F. and Armas, C. and Coll, L. and Corcket, E. and Delzon, S. and Forey, E. and Kikvidze, Z. and Olofsson, J. and Pugnaire, F. and Quiroz, C.L. and Saccone, P. and Schiffers, K. and Seifan, M. and Touzard, B. and Michalet, R.},
  Journal                  = {Journal of Ecology},
  Year                     = {2008},
  Number                   = {1},
  Pages                    = {18--34},
  Volume                   = {96}
}

@Article{burson_competition_2018,
  Title                    = {Competition for nutrients and light: testing advances in resource competition with a natural phytoplankton community},
  Author                   = {Burson, A. and Stomp, M. and Greenwell, E. and Grosse, J. and Huisman, J.},
  Journal                  = {Ecology},
  Year                     = {2018},
  Number                   = {5},
  Pages                    = {1108--1118},
  Volume                   = {99}
}

@Article{cavieres2009facilitative,
  Title                    = {Do facilitative interactions increase species richness at the entire community level?},
  Author                   = {Cavieres, L.A. and Badano, E.I.},
  Journal                  = {Journal of Ecology},
  Year                     = {2009},
  Number                   = {6},
  Pages                    = {1181--1191},
  Volume                   = {97},

  Owner                    = {frederic},
  Publisher                = {Wiley Online Library},
  Timestamp                = {2018.12.31}
}

@Article{certain_how_2018,
  Title                    = {How do {MAR}(1) models cope with hidden nonlinearities in ecological dynamics?},
  Author                   = {Certain, G. and Barraquand, F. and G\aa{}rdmark, A.},
  Journal                  = {Methods in Ecology and Evolution},
  Year                     = {2018},
  Number                   = {9},
  Pages                    = {1975--1995},
  Volume                   = {9}
}

@Article{chamberlain_how_2014,
  Title                    = {How context dependent are species interactions?},
  Author                   = {Chamberlain, S.A. and Bronstein, J.L. and Rudgers, J.A.},
  Journal                  = {Ecology Letters},
  Year                     = {2014},
  Number                   = {7},
  Pages                    = {881--890},
  Volume                   = {17},

  Editor                   = {Etienne, Rampal}
}

@Article{chesson_updates_2018,
  Title                    = {Updates on mechanisms of maintenance of species diversity},
  Author                   = {Chesson, P.},
  Journal                  = {Journal of Ecology},
  Year                     = {2018},
  Number                   = {5},
  Pages                    = {1773--1794},
  Volume                   = {106}
}

@Article{chesson_roles_1997,
  Title                    = {The roles of harsh and fluctuating conditions in the dynamics of ecological communities},
  Author                   = {Chesson, P. and Huntly, N.},
  Journal                  = {The {A}merican {N}aturalist},
  Year                     = {1997},
  Number                   = {5},
  Pages                    = {519--553},
  Volume                   = {150}
}
@article{cohen_stability_1984,
	title = {The stability of large random matrices and their products},
	volume = {12},
	number = {2},
	journal = {The Annals of Probability},
	author = {Cohen, J.E and Newman, C.M.},
	year = {1984},
	pages = {283--310},
}

@Article{comita_testing_2014,
  Title                    = {Testing predictions of the {Janzen}-{Connell} hypothesis: a meta-analysis of experimental evidence for distance- and density-dependent seed and seedling survival},
  Author                   = {Comita, L.S. and Queenborough, S.A. and Murphy, S.J. and Eck, J.L. and Xu, K. and Krishnadas, M. and Beckman, N. and Zhu, Y.},
  Journal                  = {Journal of Ecology},
  Year                     = {2014},
  Number                   = {4},
  Pages                    = {845--856},
  Volume                   = {102}
}

@Article{coyte_ecology_2015,
  Title                    = {The ecology of the microbiome: {Networks}, competition, and stability},
  Author                   = {Coyte, K.Z. and Schluter, J. and Foster, K.R.},
  Journal                  = {Science},
  Year                     = {2015},
  Number                   = {6261},
  Pages                    = {663--666},
  Volume                   = {350}
}

@article{cushing_discrete_2004,
	title = {Some discrete competition models and the competitive exclusion principle},
	volume = {10},
	number = {13-15},
	journal = {Journal of Difference Equations and Applications},
	author = {Cushing, J.M. and Levarge, Sheree and Chitnis, Nakul and Henson, Shandelle M.},
	year = {2004},
	pages = {1139--1151},
}
@Article{descamps-julien_stable_2005,
  Title                    = {Stable coexistence in a fluctuating environment: an experimental demonstration},
  Author                   = {Descamps-Julien, B. and Gonzalez, A.},
  Journal                  = {Ecology},
  Year                     = {2005},
  Number                   = {10},
  Pages                    = {2815--2824},
  Volume                   = {86}
}

@article{detto_bias_2019,
	title = {Bias in the detection of negative density dependence in plant communities},
	volume = {22},
	journal = {Ecology Letters},
	author = {Detto, M. and Visser, M.D. and Wright, S.J. and Pacala, S.W.},
	year = {2019},
	pages = {1923--1939},
}

@Article{ellner_how_2016,
  Title                    = {How to quantify the temporal storage effect using simulations instead of math},
  Author                   = {Ellner, S.P. and Snyder, R.E. and Adler, P.B.},
  Journal                  = {Ecology Letters},
  Year                     = {2016},
  Number                   = {11},
  Pages                    = {1333--1342},
  Volume                   = {19}
}

@Article{felpeto_allelopathy_2018,
  Title                    = {Allelopathy prevents competitive exclusion and promotes phytoplankton biodiversity},
  Author                   = {Felpeto, A.B. and Roy, S. and Vasconcelos, V.M.},
  Journal                  = {Oikos},
  Year                     = {2018},
  Number                   = {1},
  Pages                    = {85--98},
  Volume                   = {127}
}

@Article{fox_coexistence_2010,
  Title                    = {Coexistence mechanisms and the paradox of the plankton: quantifying selection from noisy data},
  Author                   = {Fox, Jeremy W. and Nelson, William A. and McCauley, Edward},
  Journal                  = {Ecology},
  Year                     = {2010},
  Number                   = {6},
  Pages                    = {1774--1786},
  Volume                   = {91}
}

@Article{garcia2018effect,
  Title                    = {The effect of multiple biotic interaction types on species persistence},
  Author                   = {Garc{\'\i}a-Callejas, D. and Molowny-Horas, R. and Ara{\'u}jo, M.B.},
  Journal                  = {Ecology},
  Year                     = {2018},
  Number                   = {10},
  Pages                    = {2327--2337},
  Volume                   = {99},

  Owner                    = {frederic},
  Publisher                = {Wiley Online Library},
  Timestamp                = {2018.12.31}
}

@Article{garcia-callejas_multiple_2018,
  Title                    = {Multiple interactions networks: towards more realistic descriptions of the web of life},
  Author                   = {Garc\'ia-Callejas, D. and Molowny-Horas, R. and Ara\'ujo, M.B.},
  Journal                  = {Oikos},
  Year                     = {2018},
  Number                   = {1},
  Pages                    = {5--22},
  Volume                   = {127}
}

@Article{griffiths_phytoplankton_2015,
  Title                    = {Phytoplankton community interactions and environmental sensitivity in coastal and offshore habitats},
  Author                   = {Griffiths, J.R. and Hajdu, S. and Downing, A.S. and Hjerne, O. and Larsson, U. and Winder, M.},
  Journal                  = {Oikos},
  Year                     = {2015},
  Number                   = {8},
  Pages                    = {1134--1143},
  Volume                   = {125}
}

@Article{gross_positive_2008,
  Title                    = {Positive interactions among competitors can produce species-rich communities},
  Author                   = {Gross, K.},
  Journal                  = {Ecology Letters},
  Year                     = {2008},
  Number                   = {9},
  Pages                    = {929--936},
  Volume                   = {11}
}

@Article{hampton_sixty_2008,
  Title                    = {Sixty years of environmental change in the world's largest freshwater lake - {Lake} {Baikal}, {Siberia}},
  Author                   = {Hampton, S.E. and Izmest'Eva, L.R. and Moore, M.V. and Katz, S.L. and Dennis, B. and Silow, E.A.},
  Journal                  = {Global Change Biology},
  Year                     = {2008},
  Number                   = {8},
  Pages                    = {1947--1958},
  Volume                   = {14}
}

@Article{hampton_coalescence_2006,
  Title                    = {Coalescence in the lake washington story: {Interaction} strengths in a planktonic food web},
  Author                   = {Hampton, S.E. and Scheuerell, M.D. and Schindler, D.E.},
  Journal                  = {Limnology and Oceanography},
  Year                     = {2006},
  Number                   = {5},
  Pages                    = {2042--2051},
  Volume                   = {51}
}

@Article{hampton2013quantifying,
  Title                    = {{Quantifying effects of abiotic and biotic drivers on community dynamics with multivariate autoregressive (MAR) models}},
  Author                   = {Hampton, S.E. and Holmes, E.E. and Scheef, L.P. and Scheuerell, M.D. and Katz, S.L. and Pendleton, D.E. and Ward, E.J.},
  Journal                  = {Ecology},
  Year                     = {2013},
  Number                   = {12},
  Pages                    = {2663--2669},
  Volume                   = {94},

  Owner                    = {frederic},
  Publisher                = {Eco Soc America},
  Timestamp                = {2014.02.04}
}

@Article{hardin_competitive_1960,
  Title                    = {The competitive exclusion principle},
  Author                   = {Hardin, G.},
  Journal                  = {Science},
  Year                     = {1960},
  Number                   = {3409},
  Pages                    = {1292--1297},
  Volume                   = {131}
}

@Article{haydon_pivotal_1994,
  Title                    = {Pivotal assumptions determining the relationship between stability and complexity: an analytical synthesis of the stability-complexity debate},
  Author                   = {Haydon, D.},
  Journal                  = {The {A}merican {N}aturalist},
  Year                     = {1994},
  Number                   = {1},
  Pages                    = {14--29},
  Volume                   = {144}
}

@Article{hernandez_farinas_assessing_2015,
  Title                    = {Assessing phytoplankton realized niches using a {French} national phytoplankton monitoring network},
  Author                   = {Hern\'andez Fari\~{n}as, T. and Bacher, C. and Soudant, D. and Belin, C. and Barill\'e, L.},
  Journal                  = {Estuarine, Coastal and Shelf Science},
  Year                     = {2015},
  Pages                    = {15--27},
  Volume                   = {159}
}

@Article{holmes_analysis_2014,
  Title                    = {Analysis of multivariate time-series using the {MARSS} package},
  Author                   = {Holmes, E. E. and Ward, E. J. and Scheuerell, M. D.},
  Journal                  = {User guide: http://cran. r-project. org/web/packages/MARSS/vignettes/UserGuide. pdf},
  Year                     = {2014}
}

@Book{hubbell_unified_2001,
  Title                    = {The unified neutral theory of biodiversity and biogeography},
  Author                   = {Hubbell, S.P.},
  Publisher                = {Princeton University Press},
  Year                     = {2001},

  ISBN                     = {978-0-691-02128-7}
}

@Article{huber_role_2006,
  Title                    = {The role of predation for seasonal variability patterns among phytoplankton and ciliates},
  Author                   = {Huber, V. and Gaedke, U.},
  Journal                  = {Oikos},
  Year                     = {2006},
  Number                   = {2},
  Pages                    = {265--276},
  Volume                   = {114}
}

@Article{huisman_biological_2001,
  Title                    = {Biological conditions for oscillations and chaos generated by multispecies competition},
  Author                   = {Huisman, J. and Weissing, F.J.},
  Journal                  = {Ecology},
  Year                     = {2001},
  Number                   = {10},
  Pages                    = {2682--2695},
  Volume                   = {82}
}

@Article{hutchinson_paradox_1961,
  Title                    = {The paradox of the plankton},
  Author                   = {Hutchinson, G.E.},
  Journal                  = {The {A}merican {N}aturalist},
  Year                     = {1961},
  Number                   = {882},
  Pages                    = {137--145},
  Volume                   = {95}
}

@article{ives_stability_1999,
	title = {Stability and {Variabiliy} in {Competitive} {Communities}},
	volume = {286},
	journal = {Science},
	author = {Ives, A.R. and Gross, K. and Klug, J.L},
	year = {1999},
	pages = {542--544},
}

@Article{ives_stability_2007,
  Title                    = {Stability and diversity of ecosystems},
  Author                   = {Ives, A. R. and Carpenter, S. R.},
  Journal                  = {Science},
  Year                     = {2007},
  Number                   = {5834},
  Pages                    = {58--62},
  Volume                   = {317}
}

@Article{ives_estimating_2003,
  Title                    = {Estimating community stability and ecological interactions from time-series data},
  Author                   = {Ives, A. R. and Dennis, B. and Cottingham, K. L. and Carpenter, S. R.},
  Journal                  = {Ecological {M}onographs},
  Year                     = {2003},
  Number                   = {2},
  Pages                    = {301--330},
  Volume                   = {73}
}

@Article{jacquet_no_2016,
  Title                    = {No complexity-stability relationship in empirical ecosystems},
  Author                   = {Jacquet, C. and Moritz, C. and Morissette, L. and Legagneux, P. and Massol, F. and Archambault, P. and Gravel, D.},
  Journal                  = {Nature Communications},
  Year                     = {2016},
  Number                   = {1},
  Volume                   = {7}
}

@Article{james_constructing_2015,
  Title                    = {Constructing random matrices to represent real ecosystems},
  Author                   = {James, A. and Plank, M.J. and Rossberg, A.G. and Beecham, J. and Emmerson, M. and Pitchford, J.W.},
  Journal                  = {The {A}merican {N}aturalist},
  Year                     = {2015},
  Number                   = {5},
  Pages                    = {680--692},
  Volume                   = {185}
}

@Article{jamet_zooplankton_2001,
  Title                    = {The zooplankton community in bays of {Toulon} area (northwest {Mediterranean} {Sea}, {France})},
  Author                   = {Jamet, J.-L. and Boge, G. and Richard, S. and Geneys, C. and Jamet, D.},
  Journal                  = {Hydrobiologia},
  Year                     = {2001},
  Pages                    = {155--165},
  Volume                   = {557}
}

@Article{kraft_plant_2015,
  Title                    = {Plant functional traits and the multidimensional nature of species coexistence},
  Author                   = {Kraft, N.J.B. and Godoy, O. and Levine, J.M.},
  Journal                  = {Proceedings of the National Academy of Sciences},
  Year                     = {2015},
  Number                   = {3},
  Pages                    = {797--802},
  Volume                   = {112}
}

@article{kinlock_meta-analysis_2019,
	title = {A {Meta}-analysis of {Plant} {Interaction} {Networks} {Reveals} {Competitive} {Hierarchies} as well as {Facilitation} and {Intransitivity}},
	volume = {194},
	number = {5},
	journal = {The American Naturalist},
	author = {Kinlock, N. L.},
	year = {2019},
	pages = {640--653},
}

@Article{levy_role_2018,
  Title                    = {The role of submesoscale currents in structuring marine ecosystems},
  Author                   = {L\'evy, M. and Franks, P.J.S. and Smith, K.S.},
  Journal                  = {Nature Communications},
  Year                     = {2018},
  Number                   = {1},
  Pages                    = {4758},
  Volume                   = {9}
}

@Article{levine_importance_2009,
  Title                    = {The importance of niches for the maintenance of species diversity},
  Author                   = {Levine, J.M. and HilleRisLambers, J.},
  Journal                  = {Nature},
  Year                     = {2009},
  Number                   = {7261},
  Pages                    = {254--257},
  Volume                   = {461}
}

@Article{li_effects_2016,
  Title                    = {The effects of dynamical rates on species coexistence in a variable environment: the paradox of the plankton revisited},
  Author                   = {Li, L. and Chesson, P.},
  Journal                  = {The {A}merican {N}aturalist},
  Year                     = {2016},
  Number                   = {2},
  Pages                    = {E46--E58},
  Volume                   = {188}
}

@article{liu_discrete_nodate,
	title = {Discrete competitive and cooperative models of {Lotka}-{Volterra} type},
	volume = {3},
	number = {1},
	journal = {Journal of Computational Analysis and Applications},
	author = {Liu, Pingzhou and Elaydi, Saber N},
	pages = {53--73},
}

@article{may_will_1972,
	title = {Will a {Large} {Complex} {System} be {Stable}?},
	volume = {238},
	number = {5364},
	journal = {Nature},
	author = {May, Robert M.},
	year = {1972},
	pages = {413--414}
}

@Article{mcintire2014facilitation,
  Title                    = {Facilitation as a ubiquitous driver of biodiversity},
  Author                   = {McIntire, E.J.B. and Fajardo, A.},
  Journal                  = {New Phytologist},
  Year                     = {2014},
  Number                   = {2},
  Pages                    = {403--416},
  Volume                   = {201},

  Owner                    = {frederic},
  Publisher                = {Wiley Online Library},
  Timestamp                = {2018.12.31}
}

@Article{moderan_zooplankton_2010,
  Title                    = {Zooplankton community structure in a highly turbid environment ({Charente} estuary, {France}): {Spatio}-temporal patterns and environmental control},
  Author                   = {Mod\'eran, J. and Bouvais, P. and David, V. and Le Noc, S. and Simon-Bouhet, B. and Niquil, N. and Miramand, P. and Fichet, D.},
  Journal                  = {Estuarine, Coastal and Shelf Science},
  Year                     = {2010},
  Number                   = {2},
  Pages                    = {219--232},
  Volume                   = {88}
}

@Article{mougi2012diversity,
  Title                    = {Diversity of interaction types and ecological community stability},
  Author                   = {Mougi, A and Kondoh, M},
  Journal                  = {Science},
  Year                     = {2012},
  Number                   = {6092},
  Pages                    = {349--351},
  Volume                   = {337},

  Owner                    = {frederic},
  Timestamp                = {2016.12.01}
}

@Article{murrell_heteromyopia_2003,
  Title                    = {Heteromyopia and the spatial coexistence of similar competitors},
  Author                   = {Murrell, D.J. and Law, R.},
  Journal                  = {Ecology Letters},
  Year                     = {2003},
  Number                   = {1},
  Pages                    = {48--59},
  Volume                   = {6}
}

@Article{mutshinda_what_2009,
  Title                    = {What drives community dynamics?},
  Author                   = {Mutshinda, C. M. and O'Hara, R. B. and Woiwod, I. P.},
  Journal                  = {Proceedings of the Royal Society {B}: Biological Sciences},
  Year                     = {2009},
  Number                   = {1669},
  Pages                    = {2923--2929},
  Volume                   = {276}
}

@article{narwani_ecological_2017,
	title = {Ecological interactions and coexistence are predicted by gene expression similarity in freshwater green algae},
	volume = {105},
	number = {3},
	journal = {Journal of Ecology},
	author = {Narwani, A. and Bentlage, B. and Alexandrou, M.A. and Fritschie, K.J. and Delwiche, C. and Oakley, T.H. and Cardinale, B.J.},
	year = {2017},
	pages = {580--591},
}

@book{pacala1997biologically,
  author={Pacala, S.W. and Levin, S.A.},
  title={Spatial ecology: the role of space in population dynamics and interspecific interactions.},
  Publisher={Princeton University Press, Princeton, NJ},
  year={1997}
}

@book{REPHY_db,
  Title                    = {{REPHY} dataset - {French} Observation and Monitoring program for Phytoplankton and Hydrology in coastal waters. 1987-2016 {M}etropolitan data.},
  Author                   = {REPHY},
  Year                     = {2017},
  Publisher                = {SEANOE},
  note                     = {doi:10.17882/47248 (2017 version)},
  address                  = {https://www.seanoe.org/data/00361/47248/}
}

@Article{ory_pelagic_2010,
  Title                    = {Pelagic food web patterns: do they modulate virus and nanoflagellate effects on picoplankton during the phytoplankton spring bloom? {Effects} of viruses and nanoflagellates on picoplankton},
  Author                   = {Ory, P. and Hartmann, H.J. and Jude, F. and Dupuy, C. and Del Amo, Y. and Catala, P. and Mornet, F. and Huet, V. and Jan, B. and Vincent, D. and Sautour, B. and Montani\'e, H.},
  Journal                  = {Environmental Microbiology},
  Year                     = {2010},
  pages                    = {2755--2772},
}

@Article{plus_phytoplankton_2015,
  Title                    = {Phytoplankton versus macrophyte contribution to primary production and biogeochemical cycles of a coastal mesotidal system. {A} modelling approach},
  Author                   = {Plus, M. and Auby, I. and Maurer, D. and Trut, G. and Del Amo, Y. and Dumas, F. and Thouvenin, B.},
  Journal                  = {Estuarine, Coastal and Shelf Science},
  Year                     = {2015},
  Pages                    = {52--60},
  Volume                   = {165}
}

@Article{record_paradox_2014,
  Title                    = {The paradox of the "paradox of the plankton"},
  Author                   = {Record, N. R. and Pershing, A. J. and Maps, F.},
  Journal                  = {ICES Journal of Marine Science},
  Year                     = {2014},
  Number                   = {2},
  Pages                    = {236--240},
  Volume                   = {71}
}

@Book{reynolds2006ecology,
  Title                    = {The ecology of phytoplankton},
  Author                   = {Reynolds, Colin S},
  Publisher                = {Cambridge University Press},
  Year                     = {2006},

  Owner                    = {frederic},
  Timestamp                = {2017.01.24}
}

@article{roeger_discrete_2004,
	title = {Discrete {May}-{Leonard} competition models {I}},
	volume = {10},
	number = {1},
	journal = {Journal of Difference Equations and Applications},
	author = {Roeger, L.-I. W. and Allen, L.J.S.},
	year = {2004},
	pages = {77--98},
}

@Article{rosindell2011unified,
  Title                    = {The unified neutral theory of biodiversity and biogeography at age ten.},
  Author                   = {Rosindell, J and Hubbell, SP and Etienne, RS},
  Journal                  = {Trends in Ecology \& Evolution},
  Year                     = {2011},
  Number                   = {7},
  Pages                    = {340},
  Volume                   = {26},

  Owner                    = {frederic},
  Timestamp                = {2013.11.19}
}

@Article{de_ruiter_emergent_2017,
  Title                    = {Emergent facilitation promotes biological diversity in pelagic food webs},
  Author                   = {de Ruiter, P.C. and Gaedke, U.},
  Journal                  = {Food Webs},
  Year                     = {2017},
  Pages                    = {15--21},
  Volume                   = {10}
}

@article{scheef_assessing_2012,
	title = {Assessing marine plankton community structure from long-term monitoring data with multivariate autoregressive ({MAR}) models: a comparison of fixed station versus spatially distributed sampling data: {Point} versus spatial data {MAR} models},
	volume = {10},
	number = {1},
	journal = {Limnology and Oceanography: Methods},
	author = {Scheef, L.P. and Pendleton, D.E. and Hampton, S.E. and Katz, S.L. and Holmes, E.E. and Scheuerell, M.D. and Johns, D.G.},
	year = {2012},
	pages = {54--64},
}

@article{scheef_inferring_2013,
	title = {Inferring plankton community structure from marine and freshwater long-term data using multivariate autoregressive models},
	volume = {11},
	journal = {Limnology and Oceanography: Methods},
	author = {Scheef, L.P. and Hampton, S.E. and Izmest'Eva, L.R.},
	year = {2013},
	pages = {475--484},
}

@Article{tang_most_2010,
  Title                    = {Most harmful algal bloom species are vitamin {B}1 and {B}12 auxotrophs},
  Author                   = {Tang, Y. Z. and Koch, F. and Gobler, C. J.},
  Journal                  = {Proceedings of the National Academy of Sciences},
  Year                     = {2010},
  Number                   = {48},
  Pages                    = {20756--20761},
  Volume                   = {107}
}

@Article{tilman_phytoplankton_1982,
  Title                    = {Phytoplankton community ecology: the role of limiting nutrients},
  Author                   = {Tilman, D. and Kilham, S.S. and Kilham, P.},
  Journal                  = {Annual Review of Ecology and Systematics},
  Year                     = {1982},
  Pages                    = {349--372},
  Volume                   = {13}
}

@Article{titman_ecological_1976,
  Title                    = {Ecological competition between algae: experimental confirmation of resource-based competition theory},
  Author                   = {Titman, D.},
  Journal                  = {Science},
  Year                     = {1976},
  Number                   = {4238},
  Pages                    = {463--465},
  Volume                   = {192}
}

@Article{tortajada_network_2012,
  Title                    = {Network analysis of the planktonic food web during the spring bloom in a semi enclosed lagoon ({Arcachon}, {SW} {France})},
  Author                   = {Tortajada, S. and Niquil, N. and Blanchet, H. and Grami, B. and Montani\'e, H. and David, V. and Gl\'e, C. and Saint-B\'eat, B. and Johnson, G.A. and Marquis, E. and Del Amo, Y. and Dubois, S. and Vincent, D. and Dupuy, C. and Jude, F. and Hartmann, H.J. and Sautour, B.},
  Journal                  = {Acta Oecologica},
  Year                     = {2012},
  Pages                    = {40--50},
  Volume                   = {40}
}

@Article{tuck_strong_2018,
  Title                    = {Strong responses from weakly interacting species},
  Author                   = {Tuck, S.L. and Porter, J. and Rees, M. and Turnbull, L.A.},
  Journal                  = {Ecology Letters},
  Year                     = {2018},
  Number                   = {12},
  Pages                    = {1845--1852},
  Volume                   = {21}
}

@Article{utermohl_zur_1958,
  Title                    = {Zur {Vervollkommnung} der quantitativen {Phytoplankton}-{Methodik}},
  Author                   = {Uterm\"{o}hl, H},
  Journal                  = {Mitt. int. Ver. theor. angew. Limnol.},
  Year                     = {1958},
  Volume                   = {9}
}

@Article{vallina2014maximal,
  Title                    = {Maximal feeding with active prey-switching: A kill-the-winner functional response and its effect on global diversity and biogeography},
  Author                   = {Vallina, S.M. and Ward, B.A. and Dutkiewicz, S and Follows, MJ},
  Journal                  = {Progress in Oceanography},
  Year                     = {2014},
  Pages                    = {93--109},
  Volume                   = {120},

  Owner                    = {frederic},
  Publisher                = {Elsevier},
  Timestamp                = {2018.12.31}
}

@Article{venables_r_2013,
  Title                    = {the {R} {Core} {Team}},
  Author                   = {Venables, W. N. and Smith, D. M.},
  Journal                  = {An Introduction to R. Notes on R: A Programming Environment for Data Analysis and Graphics. URL: ran. r-project. org/doc/manuals/r-release/R-intro. pdf},
  Year                     = {2013}
}

@article{violle_phylogenetic_2011,
	title = {Phylogenetic limiting similarity and competitive exclusion},
	volume = {14},
	number = {8},
	journal = {Ecology Letters},
	author = {Violle, C. and Nemergut, D.R. and Pu, Z. and Jiang, L.},
	year = {2011},
	pages = {782--787},
}

@Article{volkov_patterns_2007,
  Title                    = {Patterns of relative species abundance in rainforests and coral reefs},
  Author                   = {Volkov, I. and Banavar, J.R. and Hubbell, S.P. and Maritan, A.},
  Journal                  = {Nature},
  Year                     = {2007},
  Number                   = {7166},
  Pages                    = {45--49},
  Volume                   = {450}
}

@Article{volkov_neutral_2003,
  Title                    = {Neutral theory and relative species abundance in ecology},
  Author                   = {Volkov, I. and Banavar, J.R. and Hubbell, S.P. and Maritan, A.},
  Journal                  = {Nature},
  Year                     = {2003},
  Pages                    = {1035--1037},
  Volume                   = {424}
}

@Article{wilson_twelve_2011,
  Title                    = {The twelve theories of co-existence in plant communities: the doubtful, the important and the unexplored: {The} twelve theories of co-existence in plant communities},
  Author                   = {Wilson, J. Bastow},
  Journal                  = {Journal of Vegetation Science},
  Year                     = {2011},
  Number                   = {1},
  Pages                    = {184--195},
  Volume                   = {22}
}


@article{yenni_persistent_2017,
	title = {Do persistent rare species experience stronger negative frequency dependence than common species? {Asymmetric} {NFD} and persistent rare species},
	volume = {26},
	number = {5},
	journal = {Global Ecology and Biogeography},
	author = {Yenni, G. and Adler, P.B. and Ernest, S. K. M.},
	year = {2017},
	pages = {513--523},
}
