@article{cohen_stability_1984,
	title = {The stability of large random matrices and their products},
	volume = {12},
	number = {2},
	journal = {The Annals of Probability},
	author = {Cohen, J.E and Newman, C.M.},
	year = {1984},
	pages = {283--310},
}
@article{hampton_empirical_2006,
	title = {Empirical evaluation of observation scale effects in community time series},
	volume = {113},
	number = {3},
	journal = {Oikos},
	author = {Hampton, S.E. and Schindler, D.E.},
	year = {2006},
	pages = {424--439},
}
